@article{stiefel:cc,
  title={Richtungsfelder und Fernparallelismus in n-dimensionalen Mannigfaltigkeiten},
  author={Eduard Stiefel},
  journal={Commentarii Mathematici Helvetici},
  year={1935},
  volume={8},
  pages={305-353},
  url={https://api.semanticscholar.org/CorpusID:119887186}
}
@book{mc:guide,
  title = {A User’s Guide to Spectral Sequences},
  ISBN = {9780511626289},
  url = {https://doi.org/10.1017/CBO9780511626289},
  DOI = {10.1017/cbo9780511626289},
  publisher = {Cambridge University Press},
  author = {McCleary,  John},
  year = {2000},
  month = {11}
}
@book{brown:cog,
  title = {Cohomology of Groups},
  ISBN = {9781468493276},
  ISSN = {2197-5612},
  url = {https://doi.org/10.1007/978-1-4684-9327-6},
  DOI = {10.1007/978-1-4684-9327-6},
  journal = {Graduate Texts in Mathematics},
  publisher = {Springer New York},
  author = {Brown,  Kenneth S.},
  year = {1982}
}
@inproceedings{stolz:survey,
  title={Positive scalar curvature -- constructions and obstructions},
  author={Stephan Stolz},
  year={2022},
  url={https://api.semanticscholar.org/CorpusID:246823483}
}
@article{milnor:surg,
    author={John Milnor},
    title={A procedure for killing homotopy groups of differentiable manifolds.},
    journal={Proc. Sympos. Pure Math.},
    volume={III},
    pages={39–55},
    year={1961},
    publisher={American Mathematical Society},
    url={https://mathscinet.ams.org/mathscinet/relay-station?mr=0130696}
}
@article{stong:cob,
  title = {A cobordism},
  volume = {35},
  ISSN = {1088-6826},
  url = {https://doi.org/10.1090/S0002-9939-1972-0305424-1},
  DOI = {10.1090/s0002-9939-1972-0305424-1},
  number = {2},
  journal = {Proceedings of the American Mathematical Society},
  publisher = {American Mathematical Society (AMS)},
  author = {Stong,  R. E.},
  year = {1972},
  pages = {584–586}
}
@Article{carl:survey,
author={Carlotto, Alessandro},
title={A survey on positive scalar curvature metrics},
journal={Bollettino dell'Unione Matematica Italiana},
year={2021},
month={03},
day={01},
volume={14},
number={1},
pages={17-42},
issn={2198-2759},
doi={10.1007/s40574-020-00228-7},
url={https://doi.org/10.1007/s40574-020-00228-7}
}
@book{ms:cc,
	  title={Characteristic Classes},
	    author={Milnor, J.W. and Stasheff, J.D.},
	      isbn={9780691081229},
	        lccn={lc72004050},
		  series={Annals of mathematics studies},
		      year={1974},
		        publisher={Princeton University Press}
}
@article{ew:psc,
	  title     = "On the homotopy type of the space of metrics of positive scalar
		                 curvature",
	    author    = "Ebert, Johannes and Wiemeler, Michael",
	      journal   = "J. Eur. Math. Soc.",
	        publisher = "European Mathematical Society - EMS - Publishing House GmbH",
		  month     =  06,
		    year      =  2023,
		      language  = "en"
}
@misc{lueck:ictp,
	author = {Lueck, Wolfgang},
	year = {2004},
	month = {11},
    address = {M\"unster},
	title = {A basic introduction to surgery theory},
    url = {https://him-lueck.uni-bonn.de/data/ictpvor.pdf}
}
@book{hatcher:vb,
	title	= "Vector Bundles and K-Theory",
	author	= "Hatcher, Allen",
	edition = 2,
	month 	= 11,
	year	= 2017,
	language= "en"
}
@book{hatcher:at,
	title	= "Algebraic Topology",
	author	= "Hatcher, Allen",
	month 	= 01,
	year	= 2021,
	language= "en"
}
@article{saad:pt,
	title	= "Building up to the Pontryagin-Thom Theorem and computation of $\pi_\ast MO$",
	author	= "Slaoui, Saad",
	month 	= 03,
	year	= 2018,
	series	= "The University of Chicago Mathematics REU"
}
@article{kreck:sad,
 ISSN = {0003486X, 19398980},
 URL = {http://www.jstor.org/stable/121071},
 author = {Matthias Kreck},
 journal = {Annals of Mathematics},
 number = {3},
 pages = {707--754},
 publisher = {[Annals of Mathematics, Trustees of Princeton University on Behalf of the Annals of Mathematics, Mathematics Department, Princeton University]},
 title = {Surgery and Duality},
 urldate = {2024-10-02},
 volume = {149},
 year = {1999}
}
@book{steenrod:fib,
url = {https://doi.org/10.1515/9781400883875},
title = {The Topology of Fibre Bundles},
author = {Norman Steenrod},
publisher = {Princeton University Press},
address = {Princeton},
doi = {doi:10.1515/9781400883875},
isbn = {9781400883875},
year = {1951},
lastchecked = {2024-10-02}
}
@book{ttd:at,
url = {https://ems.press/books/etb/57},
title = {Algebraic Topology},
author = {Tammo tom Dieck},
publisher = {European Mathematical Society},
address = {Z\"urich},
series = {EMS Textbooks in Mathematics},
isbn = {978-3-03719-048-7},
year = {2010},
doi = {doi:10.4171/048}
}
@book{may:at,
title={A Concise Course in Algebraic Topology},
url={https://press.uchicago.edu/ucp/books/book/chicago/C/bo3777031.html},
author={May, J. P.},
isbn = {9780226511832},
year = {1999},
publisher = {University of Chicago Press},
address = {Chicago},
series    = {Chicago Lectures in Mathematics},
edition   =  {2},
month     =  {09}
}
@misc{freed:lec,
title = {Bordism: Old and New},
url = {https://web.ma.utexas.edu/users/dafr/bordism.pdf},
series = {Lecture Notes},
month = {02},
year = {2013},
author = {Dan Freed},
address = {Austin, Texas},
lastchecked = {2024-10-02}
}
@article{erw:psccc,
  title={The positive scalar curvature cobordism category},
  author={Johannes Ebert and Oscar Randal-Williams},
  journal={Duke Mathematical Journal},
  year={2019},
  url={https://api.semanticscholar.org/CorpusID:140229611}
}
@article{gl:scpsc,
author = {Gromov, Mikhail and Lawson, M.},
year = {1980},
month = {05},
pages = {},
title = {The Classification of Simply Connected Manifolds of Positive Scalar Curvature},
volume = {111},
journal = {The Annals of Mathematics},
doi = {10.2307/1971103}
}
@article{sy:scpsc,
author={Schoen, R.
and Yau, S. T.},
title={On the structure of manifolds with positive scalar curvature},
journal={manuscripta mathematica},
year={1979},
month={01},
day={01},
volume={28},
number={1},
pages={159-183},
issn={1432-1785},
doi={10.1007/BF01647970},
url={https://doi.org/10.1007/BF01647970}
}
@article{sto:suf,
 ISSN = {0003486X, 19398980},
 URL = {http://www.jstor.org/stable/2946598},
 author = {Stephan Stolz},
 journal = {Annals of Mathematics},
 number = {3},
 pages = {511--540},
 publisher = {[Annals of Mathematics, Trustees of Princeton University on Behalf of the Annals of Mathematics, Mathematics Department, Princeton University]},
 title = {Simply Connected Manifolds of Positive Scalar Curvature},
 urldate = {2024-10-02},
 volume = {136},
 year = {1992}
}
@article{kord:sur,
  title={On the space of riemannian metrics satisfying surgery stable curvature conditions},
  author={Jan-Bernhard Korda{\ss}},
  journal={Mathematische Annalen},
  year={2018},
  volume={388},
  pages={1841-1878},
  url={https://api.semanticscholar.org/CorpusID:119637795}
}
@article{georg:diss,
  title={The Gromov–Lawson–Chernysh surgery theorem},
  author={Johannes Ebert and Georg Frenck},
  journal={Bolet{\'i}n de la Sociedad Matem{\'a}tica Mexicana},
  year={2018},
  volume={27},
  url={https://api.semanticscholar.org/CorpusID:119276336}
}
@article{hanke:psc,
  title={The space of metrics of positive scalar curvature},
  author={Bernhard Hanke and Thomas Schick and Wolfgang Steimle},
  journal={Publications math{\'e}matiques de l'IH{\'E}S},
  year={2012},
  volume={120},
  pages={335-367},
  url={https://api.semanticscholar.org/CorpusID:119629211}
}
@article{cher:sur,
  title={On the homotopy type of the space $\mathcal{R}^+(M)$},
  author={Vladislav Chernysh},
  journal={arXiv: Geometric Topology},
  year={2004},
  url={https://api.semanticscholar.org/CorpusID:119152828}
}
@Article{dold:bord,
author={Dold, Albrecht},
title={Erzeugende der Thomschen Algebra {$\mathfrak{N}$}},
journal={Mathematische Zeitschrift},
year={1956},
month={12},
day={01},
volume={65},
number={1},
pages={25-35},
issn={1432-1823},
doi={10.1007/BF01473868},
url={https://doi.org/10.1007/BF01473868}
}
@Article{thom:bord,
author={Thom, Ren{\'e}},
title={Quelques propri{\'e}t{\'e}s globales des vari{\'e}t{\'e}s diff{\'e}rentiables},
journal={Commentarii Mathematici Helvetici},
year={1954},
month={12},
day={01},
volume={28},
number={1},
pages={17-86},
issn={1420-8946},
doi={10.1007/BF02566923},
url={https://doi.org/10.1007/BF02566923}
}
@book{stong:cc,
 ISBN = {9780691080642},
 URL = {http://www.jstor.org/stable/j.ctt183pnqj},
 abstract = {These notes contain the first complete treatment of cobordism, a topic that has become increasingly important in the past ten years. The subject is fully developed and the latest theories are treated.},
 author = {Robert E. Stong},
 publisher = {Princeton University Press},
 title = {Notes on Cobordism Theory},
 urldate = {2024-10-03},
 year = {1968}
}
@article{rokhlin:bord,
  title={Theory of intrinsic homologies},
  author={Rokhlin, Vladimir Abramovich},
  journal={Uspekhi Matematicheskikh Nauk},
  volume={14},
  number={4},
  pages={3--20},
  year={1959},
  publisher={Russian Academy of Sciences, Steklov Mathematical Institute of Russian~…}
}

@article{wall:bord,
 ISSN = {0003486X, 19398980},
 URL = {http://www.jstor.org/stable/1970136},
 author = {C. T. C. Wall},
 journal = {Annals of Mathematics},
 number = {2},
 pages = {292--311},
 publisher = {[Annals of Mathematics, Trustees of Princeton University on Behalf of the Annals of Mathematics, Mathematics Department, Princeton University]},
 title = {Determination of the Cobordism Ring},
 urldate = {2024-10-05},
 volume = {72},
 year = {1960}
}
@article{milnor:bord,
author={Milnor, J.},
title={SURVEY OF COBORDISM THEORY},
journal={L'Enseignement Math{\'e}matique},
year={1962},
publisher={Fondation L'Enseignement Math{\'e}matique},
volume={8},
number={1-2},
pages={16},
issn={0013-8584},
doi={10.5169/seals-37949},
url={https://doi.org/10.5169/seals-37949}
}
@inbook{grom:four,
author = { Misha   Gromov },
title = {Four Lectures on Scalar Curvature},
booktitle = {Perspectives in Scalar Curvature},
chapter = {Chapter 1},
pages = {1-10},
year = {2021},
month = {09},
doi = {10.1142/9789811273223_0001},
URL = {https://worldscientific.com/doi/abs/10.1142/9789811273223_0001}
}
